@MISC{packetanalyzer,
  title = {{What is a Packet Analyzer?\,--\,Definition from Techopedia}},
  howpublished = {[online]},
  year = {2021},
  cited = {2021-12-04},
  url = {https://www.techopedia.com/definition/25323/packet-analyzer}
}

@MISC{networkinterface,
  title = {{What Is a~Network Interface?\,--\,The Java\texttrademark~Tutorials}},
  howpublished = {[online]},
  year = {2021},
  cited = {2021-12-04},
  url = {https://docs.oracle.com/javase/tutorial/networking/nifs/definition.html}
}

@MISC{osi,
  title = {{Model OSI\,--\,Wikipedia}},
  howpublished = {[online]},
  year = {2021},
  cited = {2021-12-04},
  url = {https://sk.wikipedia.org/wiki/Model_OSI}
}

@MISC{promisc,
  title = {{Promiskuitní režim\,--\,Wikipedia}},
  howpublished = {[online]},
  year = {2021},
  cited = {2021-12-04},
  url = {https://cs.wikipedia.org/wiki/Promiskuitn\%C3\%AD_re\%C5\%BEim}
}

@MISC{ws,
  title = {{Wireshark}},
  howpublished = {[online]},
  year = {2021},
  url = {https://www.wireshark.org/}
}